<record><leader>00000cas a2200000 a 4500</leader><controlfield tag="001">33501108</controlfield><controlfield tag="007">hd bfu---baat</controlfield><controlfield tag="007">hd afu---bact</controlfield><controlfield tag="008">951117d19051980nbudn nea     0    0eng d</controlfield><controlfield tag="009">17686</controlfield><datafield ind1=" " ind2=" " tag="010"><subfield code="a">sn 95073173 </subfield></datafield><datafield ind1=" " ind2=" " tag="040"><subfield code="a">NVG</subfield><subfield code="b">eng</subfield><subfield code="c">NVG</subfield><subfield code="d">OCL</subfield></datafield><datafield ind1="1" ind2=" " tag="029"><subfield code="a">AU@</subfield><subfield code="b">000012085939</subfield></datafield><datafield ind1=" " ind2=" " tag="042"><subfield code="a">msc</subfield></datafield><datafield ind1=" " ind2=" " tag="043"><subfield code="a">n-us-nb</subfield></datafield><datafield ind1="0" ind2="4" tag="245"><subfield code="a">The Hastings daily tribune</subfield><subfield code="h">[microform].</subfield></datafield><datafield ind1=" " ind2=" " tag="260"><subfield code="a">Hastings, Neb. :</subfield><subfield code="b">Adam Breede,</subfield><subfield code="c">1905-1980.</subfield></datafield><datafield ind1=" " ind2=" " tag="300"><subfield code="a">75 v.</subfield></datafield><datafield ind1=" " ind2=" " tag="310"><subfield code="a">Daily (except Sun.)</subfield></datafield><datafield ind1="0" ind2=" " tag="362"><subfield code="a">Vol. 1, no. 1 (Oct. 2, 1905)-v. 75, no. 198 (May 23, 1980).</subfield></datafield><datafield ind1=" " ind2=" " tag="580"><subfield code="a">Weekly ed.: Hastings tribune, (Hastings, Neb. : 1895), 1905-1917.</subfield></datafield><datafield ind1=" " ind2=" " tag="580"><subfield code="a">Absorbed: Hastings daily Republican, 1915, and: Morning spotlight, 1942.</subfield></datafield><datafield ind1=" " ind2=" " tag="533"><subfield code="a">Microfilm.</subfield><subfield code="m">1905-1980:[Gaps]</subfield><subfield code="b">[Lincoln, Neb.] :</subfield><subfield code="c">Nebraska State Historical Society,</subfield><subfield code="d">[1966?-1984?]</subfield><subfield code="e">323 microfilm reels ; 35 mm.</subfield></datafield><datafield ind1=" " ind2=" " tag="752"><subfield code="a">United States</subfield><subfield code="b">Nebraska</subfield><subfield code="c">Adams</subfield><subfield code="d">Hastings.</subfield></datafield><datafield ind1="1" ind2=" " tag="775"><subfield code="t">Hastings tribune (Hastings, Neb. : 1895)</subfield><subfield code="w">(DLC)sn 95073182</subfield></datafield><datafield ind1="1" ind2=" " tag="776"><subfield code="c">Original</subfield><subfield code="w">(DLC)sn 90051938</subfield></datafield><datafield ind1="1" ind2="5" tag="780"><subfield code="t">Hastings daily Republican</subfield><subfield code="w">(DLC)sn 95073172</subfield></datafield><datafield ind1="1" ind2="5" tag="780"><subfield code="t">Morning spotlight</subfield><subfield code="w">(DLC)sn 95073178</subfield></datafield><datafield ind1="0" ind2="0" tag="785"><subfield code="t">Hastings tribune</subfield><subfield code="w">(DLC)sn 95073175</subfield></datafield></record>